PokerStars Hand #190661440240: Tournament #2378947273, $2000+$100 USD Razz Limit - Level XII (6000/12000) - 2018/09/04 11:53:16 PT [2018/09/04 14:53:16 ET]
Table '2378947273 4' 8-max
Seat 1: 0409479 (100000 in chips) 
Seat 2: gregor7878 (125375 in chips) 
Seat 3: Kroko-dill (144000 in chips) 
Seat 4: jcarverpoker (81200 in chips) 
Seat 5: DSmunichlife (303375 in chips) 
Seat 7: Naza114 (108250 in chips) 
Seat 8: viking47 (348975 in chips) 
0409479: posts the ante 1200
gregor7878: posts the ante 1200
Kroko-dill: posts the ante 1200
jcarverpoker: posts the ante 1200
DSmunichlife: posts the ante 1200
Naza114: posts the ante 1200
viking47: posts the ante 1200
*** 3rd STREET ***
Dealt to 0409479 [Qs]
Dealt to gregor7878 [Kc]
Dealt to Kroko-dill [6h]
Dealt to jcarverpoker [Ad 7c 8s]
Dealt to DSmunichlife [8d]
Dealt to Naza114 [6d]
Dealt to viking47 [As]
gregor7878: brings in for 1800
Kroko-dill: folds 
jcarverpoker: folds 
DSmunichlife: raises 4200 to 6000
Naza114: folds 
viking47: folds 
0409479: folds 
gregor7878: folds 
Uncalled bet (4200) returned to DSmunichlife
DSmunichlife collected 12000 from pot
DSmunichlife: doesn't show hand 
*** SUMMARY ***
Total pot 12000 | Rake 0 
Seat 1: 0409479 folded on the 3rd Street (didn't bet)
Seat 2: gregor7878 folded on the 3rd Street
Seat 3: Kroko-dill folded on the 3rd Street (didn't bet)
Seat 4: jcarverpoker folded on the 3rd Street (didn't bet)
Seat 5: DSmunichlife collected (12000)
Seat 7: Naza114 folded on the 3rd Street (didn't bet)
Seat 8: viking47 folded on the 3rd Street (didn't bet)



